@book{koza92,
		author    = "Koza, John R.",
		title     = "Genetic Programming: On the Programming of Computers by Means of Natural Selection",
		publisher = "MIT Press",
		year      = "1992"
}


@misc{ wiki:latex,
       author = "Wikipedia",
       title = "LaTeX --- Wikipedia{,} La enciclopedia libre",
       year = "2015",
       url = "https://es.wikipedia.org/w/index.php?title=LaTeX&oldid=84209252",
       note = "[Internet; descargado 30-septiembre-2015]"
}

@misc{ SlackRequisitos,
	author = "Slack",
	title = "Cuáles son los requisitos mínimos para usar Slack",
	year = "2021",
	url = "https://slack.com/intl/es-es/help/articles/115002037526-Cu%C3%A1les-son-los-requisitos-m%C3%ADnimos-para-usar-Slack",
	note = "[Internet; descargado 20-junio-2021]"
}


@misc{ Scrum,
	author = "Proyectos Agiles",
	title = "Qué es SCRUM",
	year = "2021",
	url = "https://proyectosagiles.org/que-es-scrum/",
	note = "[Internet; descargado 204junio-2021]"
} 