@book{koza92,
		author    = "Koza, John R.",
		title     = "Genetic Programming: On the Programming of Computers by Means of Natural Selection",
		publisher = "MIT Press",
		year      = "1992"
}

@misc{ rasa,
	author = "Jaime Tenorio",
	title = "Construyendo un Chatbot en español usando RASA",
	year = "2021",
	url = "https://planetachatbot.com/construyendo-un-chatbot-en-espa%C3%B1ol-usando-rasa-moodbot-b69946235bb",
	note = "[Internet; descargado 2-abril-2021]"
}


@misc{ alexa,
	author = "Stasha Smiljanic",
	title = "Amazon Alexa Statistics, Facts, and Trends",
	year = "2021",
	url = "https://policyadvice.net/insurance/insights/amazon-alexa-statistics/",
	note = "[Internet; descargado 2-abril-2021]"
}

@misc{ wiki:eugene,
	author = "Wikipedia",
	title = "Eugene Goostman --- {Wikipedia}{,} {The Free Encyclopedia}",
	year = "2021",
	url = {https://en.wikipedia.org/wiki/Eugene_Goostman},
	note = "[Online; Accedido 06-Mayo-2021]"
}


@misc{ joblosses,
	author = "McKinsey Global Institute",
	title = "Eugene Goostman --- {Wikipedia}{,} {The Free Encyclopedia}",
	year = "2017",
	url = {https://www.mckinsey.com/featured-insights/future-of-work/jobs-lost-jobs-gained-what-the-future-of-work-will-mean-for-jobs-skills-and-wages},
	note = "[Online; Accedido 20-Mayo-2021]"
}

@misc{ RasaWeb,
	author = "Rasa",
	title = "Rasa página oficial",
	year = "2021",
	url = {https://rasa.com/},
	note = "[Online; Accedido 07-Mayo-2021]"
}

@misc{ AmazonLexWeb,
	author = "Amazon Lex",
	title = "Amazo Lex página oficial",
	year = "2021",
	url = {https://aws.amazon.com/es/lex/},
	note = "[Online; Accedido 07-Mayo-2021]"
}

@misc{ WatsonAssistant,
	author = "Watson Assistant",
	title = "Watson Assistant página oficial",
	year = "2021",
	url = {https://cloud.ibm.com/catalog/services/watson-assistant},
	note = "[Online; Accedido 07-Mayo-2021]"
}

@misc{ ChatCompose,
	author = "Chat Compose",
	title = "Chat Compose página oficial",
	year = "2021",
	url = {https://www.chatcompose.com/es.html},
	note = "[Online; Accedido 07-Mayo-2021]"
}

@misc{ MicrosoftBotFramework,
	author = "Microsoft Bot Framework",
	title = "Microsoft Bot Framework página oficial",
	year = "2021",
	url = {https://dev.botframework.com/},
	note = "[Online; Accedido 07-Mayo-2021]"
}

@misc{ ChatFuel,
	author = "Chat Fuel",
	title = "Chat Fuel página oficial",
	year = "2021",
	url = {https://chatfuel.com/},
	note = "[Online; Accedido 07-Mayo-2021]"
}

@misc{ Wit.Ai,
	author = "Wit.Ai",
	title = "Wit.Ai página oficial",
	year = "2021",
	url = {https://wit.ai/},
	note = "[Online; Accedido 07-Mayo-2021]"
}

@misc{ FlowXO,
	author = "Flow XO",
	title = "Flow XO página oficial",
	year = "2021",
	url = {https://flowxo.com/},
	note = "[Online; Accedido 07-Mayo-2021]"
}

@misc{ machineLearning,
	author = "BBVA Communications",
	title = "'Machine learning': ¿qué es y cómo funciona?",
	year = "2019",
	url = {https://www.bbva.com/es/machine-learning-que-es-y-como-funciona/#:~:text=El%20'machine%20learning'%20%E2%80%93aprendizaje,los%20datos%20para%20hacer%20predicciones.},
	note = "[Online; Accedido 07-Mayo-2021]"
}

@article{bortolot2005,
  title={Estimating forest biomass using small footprint LiDAR data: An individual tree-based approach that incorporates training data},
  author={Bortolot, Zachary J and Wynne, Randolph H},
  journal={ISPRS Journal of Photogrammetry and Remote Sensing},
  volume={59},
  number={6},
  pages={342--360},
  year={2005},
  publisher={Elsevier}
}

@misc{ wiki:eliza,
	author = "Wikipedia",
	title = "ELIZA --- {Wikipedia}{,} {The Free Encyclopedia}",
	year = "2021",
	url = {https://es.wikipedia.org/wiki/ELIZA},
	note = "[Online; Accedido 20-Mayo-2021]"
}

@misc{ NaturalLenguage,
	author = "Praka Teesh",
	title = "Family’s of Natural Language",
	year = "2019",
	url = {https://medium.com/nlu-vs-nlp-vs-asr/familys-of-natural-language-4aefdc618de7},
	note = "[Online; Accedido 20-Mayo-2021]"
}

@misc{ RichResponse,
	author = "Social Intents",
	title = "Using Dialogflow Rich Responses",
	year = "2020",
	url = {https://help.socialintents.com/article/94-using-dialogflow-rich-responses-like-image-responses-and-card-responses-in-your-dialogflow-chatbot},
	note = "[Online; Accedido 15-Junio-2021]"
}

@misc{ Intents,
	author = "Help Shift",
	title = "What is Intent in a Chatbot?",
	year = "2020",
	url = {https://www.helpshift.com/glossary/intent-in-chatbot/},
	note = "[Online; Accedido 15-Junio-2021]"
}

@misc{ DialogflowDocs,
	author = "Dialogflow",
	title = "Dialogflow ES documentation",
	year = "2021",
	url = {https://cloud.google.com/dialogflow/es/docs/},
	note = "[Online; Accedido 15-Junio-2021]"
}

@misc{ Webhooks,
	author = "Send Pulse",
	title = "How to Send Webhooks Via Chatbots",
	year = "2021",
	url = {https://sendpulse.com/knowledge-base/chatbot/webhook},
	note = "[Online; Accedido 15-Junio-2021]"
}


@misc{ FulfillmentFlow,
	author = "Dialogflow",
	title = "Fulfillment",
	year = "2021",
	url = {https://cloud.google.com/dialogflow/es/docs/fulfillment-overview},
	note = "[Online; Accedido 15-Junio-2021]"
}

@misc{ uiHistory,
	author = "Rachel Batish",
	title = "The evolution of conversational UI",
	year = "2018",
	url = {https://subscription.packtpub.com/book/application_development/9781789139624/1/ch01lvl1sec11/the-evolution-of-conversational-ui},
	note = "[Online; Accedido 20-Mayo-2021]"
}

@misc{ Lola,
	author = "Universidad de Murcia",
	title = "La Universidad de Murcia presenta a LOLA, un asistente de inteligencia artificial para ayudar a los nuevos alumnos",
	year = "2018",
	url = {https://www.um.es/web/sala-prensa/-/la-universidad-de-murcia-presenta-a-lola-un-asistente-de-inteligencia-artificial-para-ayudar-a-los-nuevos-alumnos},
	note = "[Online; Accedido 14-Junio-2021]"
}

@misc{ ChatbotGrowth,
	author = "Markets and Markets",
	title = "Conversational AI Market",
	year = "2021",
	url = {https://www.marketsandmarkets.com/Market-Reports/conversational-ai-market-49043506.html},
	note = "[Online; Accedido 17-junio-2021]"
}

@misc{ UBUAssistant,
	author = "Daniel Santidrián Alonso",
	title = "UBUAssistant",
	year = "2018",
	url = {https://github.com/DanielSantidrian/UBUassistant},
	note = "[Online; Accedido 19-junio-2021]"
}

@misc{ ChatbotTourist,
	author = "Jasmin Wellnitz",
	title = "Development of a chatbot for tourist recommendations",
	year = "2017",
	url = {https://github.com/jaswellnitz/tourist-chatbot},
	note = "[Online; Accedido 19-junio-2021]"
}

@misc{ UBUVoiceAssistant,
	author = "Álvaro Delgado Pascual",
	title = "UBUVoiceAssistant",
	year = "2020",
	url = {https://github.com/adp1002/UBUVoiceAssistant},
	note = "[Online; Accedido 19-junio-2021]"
}